<record><leader>00000cas a22000001a 4500</leader><controlfield tag="001">32403738</controlfield><controlfield tag="007">hd afb016baca</controlfield><controlfield tag="007">hd bfb016baaa</controlfield><controlfield tag="008">950502d18271830ohudn nea     0    0eng c</controlfield><datafield ind1=" " ind2=" " tag="010"><subfield code="a">sn 94088949 </subfield></datafield><datafield ind1=" " ind2=" " tag="040"><subfield code="a">NN</subfield><subfield code="b">eng</subfield><subfield code="c">RQM</subfield><subfield code="d">OCL</subfield><subfield code="d">UKMGB</subfield><subfield code="d">OCLCQ</subfield><subfield code="d">OCLCF</subfield><subfield code="d">OCLCO</subfield><subfield code="d">OCLCQ</subfield></datafield><datafield ind1=" " ind2=" " tag="012"><subfield code="i">9504</subfield></datafield><datafield ind1="7" ind2=" " tag="016"><subfield code="a">013917454</subfield><subfield code="2">Uk</subfield></datafield><datafield ind1=" " ind2=" " tag="042"><subfield code="a">pcc</subfield></datafield><datafield ind1=" " ind2=" " tag="043"><subfield code="a">n-us-oh</subfield></datafield><datafield ind1="0" ind2=" " tag="130"><subfield code="a">Daily Cincinnati gazette (Cincinnati, Ohio : 1827)</subfield></datafield><datafield ind1="1" ind2="4" tag="245"><subfield code="a">The daily Cincinnati gazette.</subfield></datafield><datafield ind1=" " ind2=" " tag="260"><subfield code="a">Cincinnati [Ohio] :</subfield><subfield code="b">Lodge, L'Hommedieu &amp; Hammond,</subfield><subfield code="c">1827-1830.</subfield></datafield><datafield ind1=" " ind2=" " tag="300"><subfield code="a">volumes :</subfield><subfield code="b">illustrations</subfield></datafield><datafield ind1=" " ind2=" " tag="310"><subfield code="a">Daily (except Sunday)</subfield></datafield><datafield ind1=" " ind2=" " tag="336"><subfield code="a">text</subfield><subfield code="b">txt</subfield><subfield code="2">rdacontent</subfield></datafield><datafield ind1=" " ind2=" " tag="337"><subfield code="a">microform</subfield><subfield code="b">h</subfield><subfield code="2">rdamedia</subfield></datafield><datafield ind1=" " ind2=" " tag="338"><subfield code="a">microfilm reel</subfield><subfield code="b">hd</subfield><subfield code="2">rdacarrier</subfield></datafield><datafield ind1="0" ind2=" " tag="362"><subfield code="a">June 25, 1827-v. 4, no. 1008 (Sept. 25, 1830).</subfield></datafield><datafield ind1=" " ind2=" " tag="580"><subfield code="a">Weekly ed.: Liberty Hall &amp; Cincinnati gazette (Cincinnati, Ohio : 1815).</subfield></datafield><datafield ind1=" " ind2=" " tag="580"><subfield code="a">Triweekly ed.: Daily gazette (Cincinnati, Ohio : Triweekly).</subfield></datafield><datafield ind1=" " ind2=" " tag="533"><subfield code="a">Microfilm.</subfield><subfield code="m">June 26,1828-Sept. 25,1830:[Gaps] On film with related titles.</subfield><subfield code="b">New York :</subfield><subfield code="c">New York Public Library,</subfield><subfield code="d">[19--].</subfield><subfield code="e">89 microfilm reels ; 35 mm.</subfield></datafield><datafield ind1=" " ind2="0" tag="651"><subfield code="a">Cincinnati (Ohio)</subfield><subfield code="v">Newspapers.</subfield></datafield><datafield ind1=" " ind2="0" tag="651"><subfield code="a">Hamilton County (Ohio)</subfield><subfield code="v">Newspapers.</subfield></datafield><datafield ind1=" " ind2="7" tag="651"><subfield code="a">Ohio</subfield><subfield code="z">Cincinnati.</subfield><subfield code="2">fast</subfield><subfield code="0">(OCoLC)fst01205142</subfield></datafield><datafield ind1=" " ind2="7" tag="651"><subfield code="a">Ohio</subfield><subfield code="z">Hamilton County.</subfield><subfield code="2">fast</subfield><subfield code="0">(OCoLC)fst01205597</subfield></datafield><datafield ind1=" " ind2="7" tag="655"><subfield code="a">Newspapers.</subfield><subfield code="2">fast</subfield><subfield code="0">(OCoLC)fst01423814</subfield></datafield><datafield ind1=" " ind2=" " tag="752"><subfield code="a">United States</subfield><subfield code="b">Ohio</subfield><subfield code="c">Hamilton</subfield><subfield code="d">Cincinnati.</subfield></datafield><datafield ind1="1" ind2=" " tag="775"><subfield code="t">Liberty Hall &amp; Cincinnati gazette (Cincinnati, Ohio : 1815)</subfield></datafield><datafield ind1="1" ind2=" " tag="775"><subfield code="t">Daily gazette (Cincinnati, Ohio : Triweekly)</subfield></datafield><datafield ind1="1" ind2=" " tag="776"><subfield code="c">Original</subfield><subfield code="w">(DLC)sn 85042332</subfield></datafield><datafield ind1="0" ind2="0" tag="780"><subfield code="t">Liberty Hall and Cincinnati gazette (Cincinnati, Ohio : 1819)</subfield></datafield><datafield ind1="0" ind2="0" tag="785"><subfield code="t">Cincinnati daily gazette (Cincinnati, Ohio : 1830)</subfield><subfield code="w">(DLC)sn 94089006</subfield></datafield><datafield ind1=" " ind2=" " tag="850"><subfield code="a">NN</subfield><subfield code="a">NN (master)</subfield></datafield><datafield ind1="1" ind2=" " tag="029"><subfield code="a">AU@</subfield><subfield code="b">000025899786</subfield></datafield></record>